<?xml version="1.0" encoding="UTF-8"?><collection xmlns="http://www.loc.gov/MARC21/slim"><record><leader>00355nam--2200133-i-4500</leader><controlfield tag="001">000047093</controlfield><controlfield tag="002">20161230</controlfield><controlfield tag="005">20161230201046</controlfield><controlfield tag="008">060222s1000------------r-----000-0-eng-d</controlfield><datafield ind1=" " ind2=" " tag="080"><subfield code="a">621:531.42(083.3)</subfield></datafield><datafield ind1=" " ind2=" " tag="100"><subfield code="a">Vuia,Iuliu</subfield></datafield><datafield ind1=" " ind2=" " tag="245"><subfield code="a">Tabele pentru calculul maselor in constructia de masini</subfield></datafield><datafield ind1=" " ind2=" " tag="260"><subfield code="a">Bucuresti, Ed.Tehnica, 1977. 222 P</subfield></datafield><datafield ind1=" " ind2=" " tag="852"><subfield code="a">45030</subfield></datafield></record></collection>